@book{chernova_probth,
	author      = {Н. И. Чернова},
	title       = {\href{https://nsu.ru/mmf/tvims/chernova/tv/tv_nsu07.pdf}{Теория вероятностей: Учеб. пособие}},
	year        = {2007},
	location    = {Новосибирск},
	publisher   = {Новосиб. гос.ун-т.},
	pagetotal   = {160}
}

@book{chernova_mathstat,
	author      = {Н. И. Чернова},
	title       = {\href{https://nsu.ru/mmf/tvims/chernova/ms/ms_nsu14.pdf}{Математическая статистика: Учеб. пособие}},
	year        = {2014},
	location    = {Новосибирск},
	publisher   = {Новосиб. гос.ун-т., РИЦ НГУ},
	edition     = {2},
	pagetotal   = {150}
}
@book{ulyanov_lect,
	author      = {В. В. Ульянов},
	title       = {\href{https://tinyurl.com/y5we5b76}{Курс лекций по теории вероятности и математической статистике}},
	location    = {Москва},
	pagetotal   = {143}
}

@book{ushakov_lect,
	author      = {В. Г. Ушаков},
	title       = {\href{https://tinyurl.com/y546m4ep}{Теория вероятностей и математическая статистика}},
	year        = {2002},
	location    = {Москва},
	pagetotal   = {72}
}

@book{mipt_probth,
	author      = {М. Е. Жуковский},
	title       = {\href{https://mipt.ru/diht/students/courses/probability_zhukovsky.pdf}{Теория вероятностей}},
	year        = {2017},
	location    = {Москва},
	pagetotal   = {61}
}